@inproceedings{VerDilemma,
	author = {Luu, Loi and Teutsch, Jason and Kulkarni, Raghav and Saxena, Prateek},
	title = {Demystifying Incentives in the Consensus Computer},
	year = {2015},
	publisher = {Association for Computing Machinery},
	address = {New York, NY, USA},
	url = {https://doi.org/10.1145/2810103.2813659},
	booktitle = {Proceedings of the 22nd ACM SIGSAC Conference on Computer and Communications Security}
}


@inproceedings{ArbWP,
	author = {Harry Kalodner and Steven Goldfeder and Xiaoqi Chen and S. Matthew Weinberg and Edward W. Felten},
	title = {Arbitrum: Scalable, private smart contracts},
	booktitle = {27th USENIX Security Symposium (USENIX Security 18)},
	year = {2018},
	address = {Baltimore, MD},
	url = {https://www.usenix.org/conference/usenixsecurity18/presentation/kalodner},
	publisher = {USENIX Association}
}


@misc{ArbDevGuide,
author = {Offchain Labs Dev Center},
title = {Arbitrum Developer Quickstart},
year = {2021},
howpublished = {\url{https://developer.offchainlabs.com/docs/developer_quickstart}}
}

@misc{ArbMainNet,
	author = {Offchain Labs},
	title = {Mainnet for Everyone},
	year = {2021},
	howpublished = {\url{https://offchain.medium.com/mainnet-for-everyone-27ce0f67c85e}}
}

@misc{EthTxCost,
	author = {etherscan},
	title = {Average Transaction Fee Chart},
	howpublished = {\url{https://etherscan.io/chart/avg-txfee-usd}}
}

@misc{Arbiscan,
	author= {arbiscan},
	title = {Arbitrum Charts, Statistics},
	howpublished = {\url{https://arbiscan.io/charts}}
}

@misc{ArbEthScan,
	author= {Arbitrum},
	title = {Arbiscan is now live},
	howpublished = {\url{https://twitter.com/arbitrum/status/1432112087489257482}},
	year = {2021}
}

@misc{UrlLib3,
	author = {Andrey Petrov},
	title={urllib3},
	howpublished = {\url{https://pypi.org/project/urllib3/}}
}

@misc{BS,
	title = {Beautiful Soup Documentation},
	howpublished = {\url{https://beautiful-soup-4.readthedocs.io/en/latest/}}
}

@article{nakamoto2008bitcoin,
  title={Bitcoin},
  author={Nakamoto, Satoshi and others},
  journal={A peer-to-peer electronic cash system},
  year={2008}
}

@misc{l2Beat,
	title={Layer 2 Rankings},
	howpublished = {\url{https://l2beat.com/}},
	note = {Accessed: 2021-12-20 at 12:00}
}

@article{wood2014ethereum,
     title={Ethereum: A secure decentralised generalised transaction ledger},
     author={Wood, Gavin},
     journal={Ethereum project yellow paper},
     volume={151},
     pages={1--32},
     year={2014}
}
 
@online{ETHFees,
	title={Average Transaction Fees},
	author={Messari},
	howpublished = {\url{https://messari.io/asset/ethereum/chart/txn-fee-avg}},
	note = {Accessed: 2021-12-22 at 20:00}
} 

